%YAML 1.1
%TAG !u! tag:unity3d.com,2011:
--- !u!1001 &100100000
Prefab:
  m_ObjectHideFlags: 1
  serializedVersion: 2
  m_Modification:
    m_TransformParent: {fileID: 0}
    m_Modifications: []
    m_RemovedComponents: []
  m_ParentPrefab: {fileID: 0}
  m_RootGameObject: {fileID: 1491355261269290}
  m_IsPrefabParent: 1
--- !u!1 &1011904919922270
GameObject:
  m_ObjectHideFlags: 1
  m_PrefabParentObject: {fileID: 0}
  m_PrefabInternal: {fileID: 100100000}
  serializedVersion: 5
  m_Component:
  - component: {fileID: 4184681389119746}
  m_Layer: 14
  m_Name: Bip001 R Thigh
  m_TagString: Untagged
  m_Icon: {fileID: 0}
  m_NavMeshLayer: 0
  m_StaticEditorFlags: 0
  m_IsActive: 1
--- !u!1 &1022767430128548
GameObject:
  m_ObjectHideFlags: 1
  m_PrefabParentObject: {fileID: 0}
  m_PrefabInternal: {fileID: 100100000}
  serializedVersion: 5
  m_Component:
  - component: {fileID: 4556011831495904}
  m_Layer: 14
  m_Name: Bip001 Spine1
  m_TagString: Untagged
  m_Icon: {fileID: 0}
  m_NavMeshLayer: 0
  m_StaticEditorFlags: 0
  m_IsActive: 1
--- !u!1 &1026377361089162
GameObject:
  m_ObjectHideFlags: 1
  m_PrefabParentObject: {fileID: 0}
  m_PrefabInternal: {fileID: 100100000}
  serializedVersion: 5
  m_Component:
  - component: {fileID: 4477914483670616}
  m_Layer: 14
  m_Name: Bip001 Head
  m_TagString: Untagged
  m_Icon: {fileID: 0}
  m_NavMeshLayer: 0
  m_StaticEditorFlags: 0
  m_IsActive: 1
--- !u!1 &1066633711281142
GameObject:
  m_ObjectHideFlags: 1
  m_PrefabParentObject: {fileID: 0}
  m_PrefabInternal: {fileID: 100100000}
  serializedVersion: 5
  m_Component:
  - component: {fileID: 4682883878490792}
  m_Layer: 14
  m_Name: Bip001 R Hand
  m_TagString: Untagged
  m_Icon: {fileID: 0}
  m_NavMeshLayer: 0
  m_StaticEditorFlags: 0
  m_IsActive: 1
--- !u!1 &1106856508159004
GameObject:
  m_ObjectHideFlags: 1
  m_PrefabParentObject: {fileID: 0}
  m_PrefabInternal: {fileID: 100100000}
  serializedVersion: 5
  m_Component:
  - component: {fileID: 4203907291700350}
  m_Layer: 14
  m_Name: Bip001 R Foot
  m_TagString: Untagged
  m_Icon: {fileID: 0}
  m_NavMeshLayer: 0
  m_StaticEditorFlags: 0
  m_IsActive: 1
--- !u!1 &1118158756541072
GameObject:
  m_ObjectHideFlags: 1
  m_PrefabParentObject: {fileID: 0}
  m_PrefabInternal: {fileID: 100100000}
  serializedVersion: 5
  m_Component:
  - component: {fileID: 4631297895522332}
  m_Layer: 14
  m_Name: Bip001 R Finger1
  m_TagString: Untagged
  m_Icon: {fileID: 0}
  m_NavMeshLayer: 0
  m_StaticEditorFlags: 0
  m_IsActive: 1
--- !u!1 &1137042023715280
GameObject:
  m_ObjectHideFlags: 1
  m_PrefabParentObject: {fileID: 0}
  m_PrefabInternal: {fileID: 100100000}
  serializedVersion: 5
  m_Component:
  - component: {fileID: 4008520911370336}
  m_Layer: 14
  m_Name: Bip001 Spine
  m_TagString: Untagged
  m_Icon: {fileID: 0}
  m_NavMeshLayer: 0
  m_StaticEditorFlags: 0
  m_IsActive: 1
--- !u!1 &1164761993724340
GameObject:
  m_ObjectHideFlags: 1
  m_PrefabParentObject: {fileID: 0}
  m_PrefabInternal: {fileID: 100100000}
  serializedVersion: 5
  m_Component:
  - component: {fileID: 4037897440827542}
  m_Layer: 14
  m_Name: Bip001 R Finger01
  m_TagString: Untagged
  m_Icon: {fileID: 0}
  m_NavMeshLayer: 0
  m_StaticEditorFlags: 0
  m_IsActive: 1
--- !u!1 &1239126023887284
GameObject:
  m_ObjectHideFlags: 1
  m_PrefabParentObject: {fileID: 0}
  m_PrefabInternal: {fileID: 100100000}
  serializedVersion: 5
  m_Component:
  - component: {fileID: 4276039389786446}
  m_Layer: 14
  m_Name: Bip001 L Finger11
  m_TagString: Untagged
  m_Icon: {fileID: 0}
  m_NavMeshLayer: 0
  m_StaticEditorFlags: 0
  m_IsActive: 1
--- !u!1 &1252313596090828
GameObject:
  m_ObjectHideFlags: 1
  m_PrefabParentObject: {fileID: 0}
  m_PrefabInternal: {fileID: 100100000}
  serializedVersion: 5
  m_Component:
  - component: {fileID: 4952632190992010}
  m_Layer: 14
  m_Name: Bip001 R Finger12
  m_TagString: Untagged
  m_Icon: {fileID: 0}
  m_NavMeshLayer: 0
  m_StaticEditorFlags: 0
  m_IsActive: 1
--- !u!1 &1279154032075662
GameObject:
  m_ObjectHideFlags: 1
  m_PrefabParentObject: {fileID: 0}
  m_PrefabInternal: {fileID: 100100000}
  serializedVersion: 5
  m_Component:
  - component: {fileID: 4422924110730896}
  m_Layer: 14
  m_Name: Bip001 L Finger12
  m_TagString: Untagged
  m_Icon: {fileID: 0}
  m_NavMeshLayer: 0
  m_StaticEditorFlags: 0
  m_IsActive: 1
--- !u!1 &1284456469393506
GameObject:
  m_ObjectHideFlags: 1
  m_PrefabParentObject: {fileID: 0}
  m_PrefabInternal: {fileID: 100100000}
  serializedVersion: 5
  m_Component:
  - component: {fileID: 4559267370411614}
  m_Layer: 14
  m_Name: Bip001 L Thigh
  m_TagString: Untagged
  m_Icon: {fileID: 0}
  m_NavMeshLayer: 0
  m_StaticEditorFlags: 0
  m_IsActive: 1
--- !u!1 &1285863238980120
GameObject:
  m_ObjectHideFlags: 0
  m_PrefabParentObject: {fileID: 0}
  m_PrefabInternal: {fileID: 100100000}
  serializedVersion: 5
  m_Component:
  - component: {fileID: 4787456496566588}
  - component: {fileID: 137257805218561182}
  m_Layer: 14
  m_Name: Object01
  m_TagString: Untagged
  m_Icon: {fileID: 0}
  m_NavMeshLayer: 0
  m_StaticEditorFlags: 0
  m_IsActive: 1
--- !u!1 &1300676249081116
GameObject:
  m_ObjectHideFlags: 1
  m_PrefabParentObject: {fileID: 0}
  m_PrefabInternal: {fileID: 100100000}
  serializedVersion: 5
  m_Component:
  - component: {fileID: 4389910959645662}
  m_Layer: 14
  m_Name: Bone001
  m_TagString: Untagged
  m_Icon: {fileID: 0}
  m_NavMeshLayer: 0
  m_StaticEditorFlags: 0
  m_IsActive: 1
--- !u!1 &1304376051373066
GameObject:
  m_ObjectHideFlags: 1
  m_PrefabParentObject: {fileID: 0}
  m_PrefabInternal: {fileID: 100100000}
  serializedVersion: 5
  m_Component:
  - component: {fileID: 4612010523731204}
  m_Layer: 14
  m_Name: Bip001 L Hand
  m_TagString: Untagged
  m_Icon: {fileID: 0}
  m_NavMeshLayer: 0
  m_StaticEditorFlags: 0
  m_IsActive: 1
--- !u!1 &1317880075968678
GameObject:
  m_ObjectHideFlags: 1
  m_PrefabParentObject: {fileID: 0}
  m_PrefabInternal: {fileID: 100100000}
  serializedVersion: 5
  m_Component:
  - component: {fileID: 4153121478172500}
  m_Layer: 14
  m_Name: Bip001 L Forearm
  m_TagString: Untagged
  m_Icon: {fileID: 0}
  m_NavMeshLayer: 0
  m_StaticEditorFlags: 0
  m_IsActive: 1
--- !u!1 &1320847324491148
GameObject:
  m_ObjectHideFlags: 1
  m_PrefabParentObject: {fileID: 0}
  m_PrefabInternal: {fileID: 100100000}
  serializedVersion: 5
  m_Component:
  - component: {fileID: 4600800304091296}
  m_Layer: 14
  m_Name: Bip001 R Finger11
  m_TagString: Untagged
  m_Icon: {fileID: 0}
  m_NavMeshLayer: 0
  m_StaticEditorFlags: 0
  m_IsActive: 1
--- !u!1 &1342287721466336
GameObject:
  m_ObjectHideFlags: 1
  m_PrefabParentObject: {fileID: 0}
  m_PrefabInternal: {fileID: 100100000}
  serializedVersion: 5
  m_Component:
  - component: {fileID: 4876662098789386}
  m_Layer: 14
  m_Name: Bip001 L Finger1
  m_TagString: Untagged
  m_Icon: {fileID: 0}
  m_NavMeshLayer: 0
  m_StaticEditorFlags: 0
  m_IsActive: 1
--- !u!1 &1352748197552204
GameObject:
  m_ObjectHideFlags: 0
  m_PrefabParentObject: {fileID: 0}
  m_PrefabInternal: {fileID: 100100000}
  serializedVersion: 5
  m_Component:
  - component: {fileID: 4316656402364060}
  - component: {fileID: 137421488768490816}
  m_Layer: 14
  m_Name: Object02
  m_TagString: Untagged
  m_Icon: {fileID: 0}
  m_NavMeshLayer: 0
  m_StaticEditorFlags: 0
  m_IsActive: 1
--- !u!1 &1362594869989546
GameObject:
  m_ObjectHideFlags: 1
  m_PrefabParentObject: {fileID: 0}
  m_PrefabInternal: {fileID: 100100000}
  serializedVersion: 5
  m_Component:
  - component: {fileID: 4563740219042952}
  m_Layer: 14
  m_Name: Bip001 R UpperArm
  m_TagString: Untagged
  m_Icon: {fileID: 0}
  m_NavMeshLayer: 0
  m_StaticEditorFlags: 0
  m_IsActive: 1
--- !u!1 &1382957461452068
GameObject:
  m_ObjectHideFlags: 1
  m_PrefabParentObject: {fileID: 0}
  m_PrefabInternal: {fileID: 100100000}
  serializedVersion: 5
  m_Component:
  - component: {fileID: 4156598248705344}
  m_Layer: 14
  m_Name: Bip001 L Finger02
  m_TagString: Untagged
  m_Icon: {fileID: 0}
  m_NavMeshLayer: 0
  m_StaticEditorFlags: 0
  m_IsActive: 1
--- !u!1 &1396132339306424
GameObject:
  m_ObjectHideFlags: 1
  m_PrefabParentObject: {fileID: 0}
  m_PrefabInternal: {fileID: 100100000}
  serializedVersion: 5
  m_Component:
  - component: {fileID: 4978542222005000}
  m_Layer: 14
  m_Name: Bip001 L Finger0
  m_TagString: Untagged
  m_Icon: {fileID: 0}
  m_NavMeshLayer: 0
  m_StaticEditorFlags: 0
  m_IsActive: 1
--- !u!1 &1460348945538184
GameObject:
  m_ObjectHideFlags: 1
  m_PrefabParentObject: {fileID: 0}
  m_PrefabInternal: {fileID: 100100000}
  serializedVersion: 5
  m_Component:
  - component: {fileID: 4653678857367758}
  m_Layer: 14
  m_Name: Bip001 Neck
  m_TagString: Untagged
  m_Icon: {fileID: 0}
  m_NavMeshLayer: 0
  m_StaticEditorFlags: 0
  m_IsActive: 1
--- !u!1 &1461637980257686
GameObject:
  m_ObjectHideFlags: 1
  m_PrefabParentObject: {fileID: 0}
  m_PrefabInternal: {fileID: 100100000}
  serializedVersion: 5
  m_Component:
  - component: {fileID: 4158699761449582}
  m_Layer: 14
  m_Name: Bip001 L Calf
  m_TagString: Untagged
  m_Icon: {fileID: 0}
  m_NavMeshLayer: 0
  m_StaticEditorFlags: 0
  m_IsActive: 1
--- !u!1 &1464692245602812
GameObject:
  m_ObjectHideFlags: 1
  m_PrefabParentObject: {fileID: 0}
  m_PrefabInternal: {fileID: 100100000}
  serializedVersion: 5
  m_Component:
  - component: {fileID: 4246286418944018}
  m_Layer: 14
  m_Name: Bip001 R Clavicle
  m_TagString: Untagged
  m_Icon: {fileID: 0}
  m_NavMeshLayer: 0
  m_StaticEditorFlags: 0
  m_IsActive: 1
--- !u!1 &1491355261269290
GameObject:
  m_ObjectHideFlags: 0
  m_PrefabParentObject: {fileID: 0}
  m_PrefabInternal: {fileID: 100100000}
  serializedVersion: 5
  m_Component:
  - component: {fileID: 4157922004131398}
  - component: {fileID: 95673187362973666}
  - component: {fileID: 195601560208196350}
  - component: {fileID: 135972364854132376}
  - component: {fileID: 136200717823025498}
  - component: {fileID: 114248701765662240}
  - component: {fileID: 114088321661213542}
  - component: {fileID: 114673655312589942}
  - component: {fileID: 54209398307367924}
  - component: {fileID: 82374694519751996}
  - component: {fileID: 114652389711434058}
  m_Layer: 14
  m_Name: Skeleton@Skin
  m_TagString: Shootable
  m_Icon: {fileID: 0}
  m_NavMeshLayer: 0
  m_StaticEditorFlags: 0
  m_IsActive: 1
--- !u!1 &1504221321210156
GameObject:
  m_ObjectHideFlags: 1
  m_PrefabParentObject: {fileID: 0}
  m_PrefabInternal: {fileID: 100100000}
  serializedVersion: 5
  m_Component:
  - component: {fileID: 4086406751537482}
  m_Layer: 14
  m_Name: Bip001 R Finger02
  m_TagString: Untagged
  m_Icon: {fileID: 0}
  m_NavMeshLayer: 0
  m_StaticEditorFlags: 0
  m_IsActive: 1
--- !u!1 &1509304923111818
GameObject:
  m_ObjectHideFlags: 1
  m_PrefabParentObject: {fileID: 0}
  m_PrefabInternal: {fileID: 100100000}
  serializedVersion: 5
  m_Component:
  - component: {fileID: 4735978140075696}
  m_Layer: 14
  m_Name: Bip001 L Foot
  m_TagString: Untagged
  m_Icon: {fileID: 0}
  m_NavMeshLayer: 0
  m_StaticEditorFlags: 0
  m_IsActive: 1
--- !u!1 &1510686788802426
GameObject:
  m_ObjectHideFlags: 1
  m_PrefabParentObject: {fileID: 0}
  m_PrefabInternal: {fileID: 100100000}
  serializedVersion: 5
  m_Component:
  - component: {fileID: 4860967752891086}
  m_Layer: 14
  m_Name: Bip001 Prop1
  m_TagString: Untagged
  m_Icon: {fileID: 0}
  m_NavMeshLayer: 0
  m_StaticEditorFlags: 0
  m_IsActive: 1
--- !u!1 &1641430904362348
GameObject:
  m_ObjectHideFlags: 1
  m_PrefabParentObject: {fileID: 0}
  m_PrefabInternal: {fileID: 100100000}
  serializedVersion: 5
  m_Component:
  - component: {fileID: 4666455176238838}
  m_Layer: 14
  m_Name: Bip001 R Toe0
  m_TagString: Untagged
  m_Icon: {fileID: 0}
  m_NavMeshLayer: 0
  m_StaticEditorFlags: 0
  m_IsActive: 1
--- !u!1 &1695964902382818
GameObject:
  m_ObjectHideFlags: 0
  m_PrefabParentObject: {fileID: 0}
  m_PrefabInternal: {fileID: 100100000}
  serializedVersion: 5
  m_Component:
  - component: {fileID: 4207078275748868}
  m_Layer: 14
  m_Name: Bip001
  m_TagString: Untagged
  m_Icon: {fileID: 0}
  m_NavMeshLayer: 0
  m_StaticEditorFlags: 0
  m_IsActive: 1
--- !u!1 &1716300966020624
GameObject:
  m_ObjectHideFlags: 1
  m_PrefabParentObject: {fileID: 0}
  m_PrefabInternal: {fileID: 100100000}
  serializedVersion: 5
  m_Component:
  - component: {fileID: 4142039868053102}
  m_Layer: 14
  m_Name: Bip001 Pelvis
  m_TagString: Untagged
  m_Icon: {fileID: 0}
  m_NavMeshLayer: 0
  m_StaticEditorFlags: 0
  m_IsActive: 1
--- !u!1 &1741119886372104
GameObject:
  m_ObjectHideFlags: 1
  m_PrefabParentObject: {fileID: 0}
  m_PrefabInternal: {fileID: 100100000}
  serializedVersion: 5
  m_Component:
  - component: {fileID: 4170828790368690}
  m_Layer: 14
  m_Name: Bip001 L UpperArm
  m_TagString: Untagged
  m_Icon: {fileID: 0}
  m_NavMeshLayer: 0
  m_StaticEditorFlags: 0
  m_IsActive: 1
--- !u!1 &1775049687861546
GameObject:
  m_ObjectHideFlags: 1
  m_PrefabParentObject: {fileID: 0}
  m_PrefabInternal: {fileID: 100100000}
  serializedVersion: 5
  m_Component:
  - component: {fileID: 4676211829108646}
  m_Layer: 14
  m_Name: Bip001 L Toe0
  m_TagString: Untagged
  m_Icon: {fileID: 0}
  m_NavMeshLayer: 0
  m_StaticEditorFlags: 0
  m_IsActive: 1
--- !u!1 &1831302588779052
GameObject:
  m_ObjectHideFlags: 1
  m_PrefabParentObject: {fileID: 0}
  m_PrefabInternal: {fileID: 100100000}
  serializedVersion: 5
  m_Component:
  - component: {fileID: 4076828924198868}
  m_Layer: 14
  m_Name: Bip001 L Finger01
  m_TagString: Untagged
  m_Icon: {fileID: 0}
  m_NavMeshLayer: 0
  m_StaticEditorFlags: 0
  m_IsActive: 1
--- !u!1 &1845558915013096
GameObject:
  m_ObjectHideFlags: 1
  m_PrefabParentObject: {fileID: 0}
  m_PrefabInternal: {fileID: 100100000}
  serializedVersion: 5
  m_Component:
  - component: {fileID: 4904171233912616}
  m_Layer: 14
  m_Name: Bip001 R Forearm
  m_TagString: Untagged
  m_Icon: {fileID: 0}
  m_NavMeshLayer: 0
  m_StaticEditorFlags: 0
  m_IsActive: 1
--- !u!1 &1847684350057662
GameObject:
  m_ObjectHideFlags: 1
  m_PrefabParentObject: {fileID: 0}
  m_PrefabInternal: {fileID: 100100000}
  serializedVersion: 5
  m_Component:
  - component: {fileID: 4618339931133284}
  m_Layer: 14
  m_Name: Bip001 R Calf
  m_TagString: Untagged
  m_Icon: {fileID: 0}
  m_NavMeshLayer: 0
  m_StaticEditorFlags: 0
  m_IsActive: 1
--- !u!1 &1886077440507702
GameObject:
  m_ObjectHideFlags: 1
  m_PrefabParentObject: {fileID: 0}
  m_PrefabInternal: {fileID: 100100000}
  serializedVersion: 5
  m_Component:
  - component: {fileID: 4079658173755976}
  m_Layer: 14
  m_Name: Bip001 R Finger0
  m_TagString: Untagged
  m_Icon: {fileID: 0}
  m_NavMeshLayer: 0
  m_StaticEditorFlags: 0
  m_IsActive: 1
--- !u!1 &1932984285294300
GameObject:
  m_ObjectHideFlags: 1
  m_PrefabParentObject: {fileID: 0}
  m_PrefabInternal: {fileID: 100100000}
  serializedVersion: 5
  m_Component:
  - component: {fileID: 4083133076914412}
  m_Layer: 14
  m_Name: Bip001 Footsteps
  m_TagString: Untagged
  m_Icon: {fileID: 0}
  m_NavMeshLayer: 0
  m_StaticEditorFlags: 0
  m_IsActive: 1
--- !u!1 &1939199067118318
GameObject:
  m_ObjectHideFlags: 1
  m_PrefabParentObject: {fileID: 0}
  m_PrefabInternal: {fileID: 100100000}
  serializedVersion: 5
  m_Component:
  - component: {fileID: 4495228518009766}
  m_Layer: 14
  m_Name: Bip001 L Clavicle
  m_TagString: Untagged
  m_Icon: {fileID: 0}
  m_NavMeshLayer: 0
  m_StaticEditorFlags: 0
  m_IsActive: 1
--- !u!4 &4008520911370336
Transform:
  m_ObjectHideFlags: 1
  m_PrefabParentObject: {fileID: 0}
  m_PrefabInternal: {fileID: 100100000}
  m_GameObject: {fileID: 1137042023715280}
  m_LocalRotation: {x: -0.000002080476, y: 0.000000693676, z: -0.000398159, w: 0.99999994}
  m_LocalPosition: {x: -0.006278529, y: 0.0031800105, z: -8.209099e-11}
  m_LocalScale: {x: 1, y: 0.99999994, z: 0.99999994}
  m_Children:
  - {fileID: 4559267370411614}
  - {fileID: 4184681389119746}
  - {fileID: 4556011831495904}
  m_Father: {fileID: 4142039868053102}
  m_RootOrder: 0
  m_LocalEulerAnglesHint: {x: 0, y: 0, z: 0}
--- !u!4 &4037897440827542
Transform:
  m_ObjectHideFlags: 1
  m_PrefabParentObject: {fileID: 0}
  m_PrefabInternal: {fileID: 100100000}
  m_GameObject: {fileID: 1164761993724340}
  m_LocalRotation: {x: -0.000000003514692, y: -0.0000000027071383, z: -0.008169179,
    w: 0.9999666}
  m_LocalPosition: {x: -0.005172448, y: 0, z: -0.0000000047683715}
  m_LocalScale: {x: 1, y: 0.99999994, z: 0.99999994}
  m_Children:
  - {fileID: 4086406751537482}
  m_Father: {fileID: 4079658173755976}
  m_RootOrder: 0
  m_LocalEulerAnglesHint: {x: 0, y: 0, z: 0}
--- !u!4 &4076828924198868
Transform:
  m_ObjectHideFlags: 1
  m_PrefabParentObject: {fileID: 0}
  m_PrefabInternal: {fileID: 100100000}
  m_GameObject: {fileID: 1831302588779052}
  m_LocalRotation: {x: 0.0000000028575047, y: -0.0000000064846106, z: -0.008169164,
    w: 0.9999666}
  m_LocalPosition: {x: -0.0051724454, y: 0, z: -0.0000000047683715}
  m_LocalScale: {x: 0.99999994, y: 0.99999994, z: 0.99999994}
  m_Children:
  - {fileID: 4156598248705344}
  m_Father: {fileID: 4978542222005000}
  m_RootOrder: 0
  m_LocalEulerAnglesHint: {x: 0, y: 0, z: 0}
--- !u!4 &4079658173755976
Transform:
  m_ObjectHideFlags: 1
  m_PrefabParentObject: {fileID: 0}
  m_PrefabInternal: {fileID: 100100000}
  m_GameObject: {fileID: 1886077440507702}
  m_LocalRotation: {x: -0.46480757, y: 0.47071034, z: 0.052488126, w: 0.74808466}
  m_LocalPosition: {x: -0.009409461, y: 0.0008181095, z: 0.005803809}
  m_LocalScale: {x: 1.0000001, y: 1.0000001, z: 0.99999994}
  m_Children:
  - {fileID: 4037897440827542}
  m_Father: {fileID: 4682883878490792}
  m_RootOrder: 0
  m_LocalEulerAnglesHint: {x: 0, y: 0, z: 0}
--- !u!4 &4083133076914412
Transform:
  m_ObjectHideFlags: 1
  m_PrefabParentObject: {fileID: 0}
  m_PrefabInternal: {fileID: 100100000}
  m_GameObject: {fileID: 1932984285294300}
  m_LocalRotation: {x: 0, y: 0, z: -0.7071063, w: 0.70710725}
  m_LocalPosition: {x: -0, y: 0, z: -0.066577725}
  m_LocalScale: {x: 1, y: 1, z: 1}
  m_Children: []
  m_Father: {fileID: 4207078275748868}
  m_RootOrder: 0
  m_LocalEulerAnglesHint: {x: 0, y: 0, z: 0}
--- !u!4 &4086406751537482
Transform:
  m_ObjectHideFlags: 1
  m_PrefabParentObject: {fileID: 0}
  m_PrefabInternal: {fileID: 100100000}
  m_GameObject: {fileID: 1504221321210156}
  m_LocalRotation: {x: 0.00000000580398, y: 0.0000000036283476, z: -0.16575542, w: 0.9861669}
  m_LocalPosition: {x: -0.003046949, y: -0.0000000047683715, z: 0.000000009536743}
  m_LocalScale: {x: 1, y: 0.99999994, z: 0.99999994}
  m_Children: []
  m_Father: {fileID: 4037897440827542}
  m_RootOrder: 0
  m_LocalEulerAnglesHint: {x: 0, y: 0, z: 0}
--- !u!4 &4142039868053102
Transform:
  m_ObjectHideFlags: 1
  m_PrefabParentObject: {fileID: 0}
  m_PrefabInternal: {fileID: 100100000}
  m_GameObject: {fileID: 1716300966020624}
  m_LocalRotation: {x: -0.49999964, y: 0.50000036, z: 0.49999964, w: 0.50000036}
  m_LocalPosition: {x: -0, y: 0, z: 0}
  m_LocalScale: {x: 1, y: 0.99999994, z: 0.99999994}
  m_Children:
  - {fileID: 4008520911370336}
  m_Father: {fileID: 4207078275748868}
  m_RootOrder: 1
  m_LocalEulerAnglesHint: {x: 0, y: 0, z: 0}
--- !u!4 &4153121478172500
Transform:
  m_ObjectHideFlags: 1
  m_PrefabParentObject: {fileID: 0}
  m_PrefabInternal: {fileID: 100100000}
  m_GameObject: {fileID: 1317880075968678}
  m_LocalRotation: {x: 0.0000000064542367, y: -0.000000029277064, z: 0.10783099, w: 0.9941693}
  m_LocalPosition: {x: -0.02375839, y: -0.0000000011920929, z: -0.000000009536743}
  m_LocalScale: {x: 1, y: 1, z: 1}
  m_Children:
  - {fileID: 4612010523731204}
  m_Father: {fileID: 4170828790368690}
  m_RootOrder: 0
  m_LocalEulerAnglesHint: {x: 0, y: 0, z: 0}
--- !u!4 &4156598248705344
Transform:
  m_ObjectHideFlags: 1
  m_PrefabParentObject: {fileID: 0}
  m_PrefabInternal: {fileID: 100100000}
  m_GameObject: {fileID: 1382957461452068}
  m_LocalRotation: {x: 0.0000000044766004, y: 0.000000012587028, z: -0.16575544, w: 0.9861669}
  m_LocalPosition: {x: -0.0030469513, y: 0, z: 0}
  m_LocalScale: {x: 0.99999994, y: 0.99999994, z: 0.99999994}
  m_Children: []
  m_Father: {fileID: 4076828924198868}
  m_RootOrder: 0
  m_LocalEulerAnglesHint: {x: 0, y: 0, z: 0}
--- !u!4 &4157922004131398
Transform:
  m_ObjectHideFlags: 1
  m_PrefabParentObject: {fileID: 0}
  m_PrefabInternal: {fileID: 100100000}
  m_GameObject: {fileID: 1491355261269290}
  m_LocalRotation: {x: 0, y: 0, z: 0, w: 1}
  m_LocalPosition: {x: 30.06, y: 0.2, z: -15.5}
  m_LocalScale: {x: 20, y: 20, z: 20}
  m_Children:
  - {fileID: 4207078275748868}
  - {fileID: 4787456496566588}
  - {fileID: 4316656402364060}
  m_Father: {fileID: 0}
  m_RootOrder: 0
  m_LocalEulerAnglesHint: {x: 0, y: 0, z: 0}
--- !u!4 &4158699761449582
Transform:
  m_ObjectHideFlags: 1
  m_PrefabParentObject: {fileID: 0}
  m_PrefabInternal: {fileID: 100100000}
  m_GameObject: {fileID: 1461637980257686}
  m_LocalRotation: {x: 0.000000004730961, y: -0.000000014501302, z: 0.099832244, w: 0.9950043}
  m_LocalPosition: {x: -0.026564347, y: 0, z: -0.0000000023841857}
  m_LocalScale: {x: 1, y: 1.0000001, z: 1.0000001}
  m_Children:
  - {fileID: 4735978140075696}
  m_Father: {fileID: 4559267370411614}
  m_RootOrder: 0
  m_LocalEulerAnglesHint: {x: 0, y: 0, z: 0}
--- !u!4 &4170828790368690
Transform:
  m_ObjectHideFlags: 1
  m_PrefabParentObject: {fileID: 0}
  m_PrefabInternal: {fileID: 100100000}
  m_GameObject: {fileID: 1741119886372104}
  m_LocalRotation: {x: 0.044314325, y: -0.078412846, z: -0.05894033, w: 0.99419004}
  m_LocalPosition: {x: -0.009862542, y: -1.11758706e-10, z: -0.000000009536743}
  m_LocalScale: {x: 0.99999994, y: 0.99999994, z: 1.0000001}
  m_Children:
  - {fileID: 4153121478172500}
  m_Father: {fileID: 4495228518009766}
  m_RootOrder: 0
  m_LocalEulerAnglesHint: {x: 0, y: 0, z: 0}
--- !u!4 &4184681389119746
Transform:
  m_ObjectHideFlags: 1
  m_PrefabParentObject: {fileID: 0}
  m_PrefabInternal: {fileID: 100100000}
  m_GameObject: {fileID: 1011904919922270}
  m_LocalRotation: {x: -0.053757668, y: 0.99283695, z: -0.05531498, w: -0.091242775}
  m_LocalPosition: {x: 0.0062810564, y: -0.0031749748, z: -0.011535698}
  m_LocalScale: {x: 1, y: 1, z: 1}
  m_Children:
  - {fileID: 4618339931133284}
  m_Father: {fileID: 4008520911370336}
  m_RootOrder: 1
  m_LocalEulerAnglesHint: {x: 0, y: 0, z: 0}
--- !u!4 &4203907291700350
Transform:
  m_ObjectHideFlags: 1
  m_PrefabParentObject: {fileID: 0}
  m_PrefabInternal: {fileID: 100100000}
  m_GameObject: {fileID: 1106856508159004}
  m_LocalRotation: {x: 0.09942481, y: -0.091676384, z: -0.031432994, w: 0.9903142}
  m_LocalPosition: {x: -0.033164166, y: 8.9406965e-10, z: 0}
  m_LocalScale: {x: 0.99999994, y: 0.9999998, z: 0.9999999}
  m_Children:
  - {fileID: 4666455176238838}
  m_Father: {fileID: 4618339931133284}
  m_RootOrder: 0
  m_LocalEulerAnglesHint: {x: 0, y: 0, z: 0}
--- !u!4 &4207078275748868
Transform:
  m_ObjectHideFlags: 1
  m_PrefabParentObject: {fileID: 0}
  m_PrefabInternal: {fileID: 100100000}
  m_GameObject: {fileID: 1695964902382818}
  m_LocalRotation: {x: -0.50000036, y: 0.49999964, z: 0.49999964, w: 0.50000036}
  m_LocalPosition: {x: -0, y: 0.06659, z: 0.000000003998719}
  m_LocalScale: {x: 0.99999994, y: 0.99999994, z: 1}
  m_Children:
  - {fileID: 4083133076914412}
  - {fileID: 4142039868053102}
  - {fileID: 4860967752891086}
  m_Father: {fileID: 4157922004131398}
  m_RootOrder: 0
  m_LocalEulerAnglesHint: {x: 0, y: 0, z: 0}
--- !u!4 &4246286418944018
Transform:
  m_ObjectHideFlags: 1
  m_PrefabParentObject: {fileID: 0}
  m_PrefabInternal: {fileID: 100100000}
  m_GameObject: {fileID: 1464692245602812}
  m_LocalRotation: {x: 0.49706125, y: 0.07839983, z: 0.8536133, w: -0.13464025}
  m_LocalPosition: {x: 0.0010203838, y: -0.00097064255, z: -0.009127134}
  m_LocalScale: {x: 0.99999994, y: 1, z: 0.99999994}
  m_Children:
  - {fileID: 4563740219042952}
  m_Father: {fileID: 4653678857367758}
  m_RootOrder: 2
  m_LocalEulerAnglesHint: {x: 0, y: 0, z: 0}
--- !u!4 &4276039389786446
Transform:
  m_ObjectHideFlags: 1
  m_PrefabParentObject: {fileID: 0}
  m_PrefabInternal: {fileID: 100100000}
  m_GameObject: {fileID: 1239126023887284}
  m_LocalRotation: {x: 0.0000000045468003, y: -0.0000000017250399, z: -0.16910225,
    w: 0.9855985}
  m_LocalPosition: {x: -0.0034153676, y: 0, z: 0}
  m_LocalScale: {x: 1, y: 1.0000001, z: 1}
  m_Children:
  - {fileID: 4422924110730896}
  m_Father: {fileID: 4876662098789386}
  m_RootOrder: 0
  m_LocalEulerAnglesHint: {x: 0, y: 0, z: 0}
--- !u!4 &4316656402364060
Transform:
  m_ObjectHideFlags: 1
  m_PrefabParentObject: {fileID: 0}
  m_PrefabInternal: {fileID: 100100000}
  m_GameObject: {fileID: 1352748197552204}
  m_LocalRotation: {x: -0.7071068, y: 0, z: -0, w: 0.7071068}
  m_LocalPosition: {x: -0, y: 0, z: -7.2341494e-10}
  m_LocalScale: {x: 1, y: 1, z: 1}
  m_Children: []
  m_Father: {fileID: 4157922004131398}
  m_RootOrder: 2
  m_LocalEulerAnglesHint: {x: 0, y: 0, z: 0}
--- !u!4 &4389910959645662
Transform:
  m_ObjectHideFlags: 1
  m_PrefabParentObject: {fileID: 0}
  m_PrefabInternal: {fileID: 100100000}
  m_GameObject: {fileID: 1300676249081116}
  m_LocalRotation: {x: -0.61078775, y: 0.79179436, z: 0.00000064227106, w: 0.0000007090004}
  m_LocalPosition: {x: -0.001927948, y: 0.00020197629, z: -0.000000009536734}
  m_LocalScale: {x: 1.0000001, y: 1, z: 1}
  m_Children: []
  m_Father: {fileID: 4477914483670616}
  m_RootOrder: 0
  m_LocalEulerAnglesHint: {x: 0, y: 0, z: 0}
--- !u!4 &4422924110730896
Transform:
  m_ObjectHideFlags: 1
  m_PrefabParentObject: {fileID: 0}
  m_PrefabInternal: {fileID: 100100000}
  m_GameObject: {fileID: 1279154032075662}
  m_LocalRotation: {x: -0.0000000067206636, y: -0.0000000010877396, z: -0.11640222,
    w: 0.9932022}
  m_LocalPosition: {x: -0.0025260304, y: 0, z: 0}
  m_LocalScale: {x: 0.99999994, y: 1, z: 1}
  m_Children: []
  m_Father: {fileID: 4276039389786446}
  m_RootOrder: 0
  m_LocalEulerAnglesHint: {x: 0, y: 0, z: 0}
--- !u!4 &4477914483670616
Transform:
  m_ObjectHideFlags: 1
  m_PrefabParentObject: {fileID: 0}
  m_PrefabInternal: {fileID: 100100000}
  m_GameObject: {fileID: 1026377361089162}
  m_LocalRotation: {x: -2.3898843e-14, y: -0.00000009116674, z: 0.03287012, w: 0.9994596}
  m_LocalPosition: {x: -0.011019048, y: 0, z: -9.094947e-15}
  m_LocalScale: {x: 1, y: 1, z: 0.99999994}
  m_Children:
  - {fileID: 4389910959645662}
  m_Father: {fileID: 4653678857367758}
  m_RootOrder: 0
  m_LocalEulerAnglesHint: {x: 0, y: 0, z: 0}
--- !u!4 &4495228518009766
Transform:
  m_ObjectHideFlags: 1
  m_PrefabParentObject: {fileID: 0}
  m_PrefabInternal: {fileID: 100100000}
  m_GameObject: {fileID: 1939199067118318}
  m_LocalRotation: {x: -0.49706158, y: -0.078402184, z: 0.8536131, w: -0.13463885}
  m_LocalPosition: {x: 0.0010203838, y: -0.0009706926, z: 0.009127116}
  m_LocalScale: {x: 0.99999994, y: 1, z: 0.99999994}
  m_Children:
  - {fileID: 4170828790368690}
  m_Father: {fileID: 4653678857367758}
  m_RootOrder: 1
  m_LocalEulerAnglesHint: {x: 0, y: 0, z: 0}
--- !u!4 &4556011831495904
Transform:
  m_ObjectHideFlags: 1
  m_PrefabParentObject: {fileID: 0}
  m_PrefabInternal: {fileID: 100100000}
  m_GameObject: {fileID: 1022767430128548}
  m_LocalRotation: {x: -3.0117673e-14, y: 0, z: -0, w: 1}
  m_LocalPosition: {x: -0.017967863, y: -0.00001907587, z: -5.2909e-11}
  m_LocalScale: {x: 1, y: 1, z: 1}
  m_Children:
  - {fileID: 4653678857367758}
  m_Father: {fileID: 4008520911370336}
  m_RootOrder: 2
  m_LocalEulerAnglesHint: {x: 0, y: 0, z: 0}
--- !u!4 &4559267370411614
Transform:
  m_ObjectHideFlags: 1
  m_PrefabParentObject: {fileID: 0}
  m_PrefabInternal: {fileID: 100100000}
  m_GameObject: {fileID: 1284456469393506}
  m_LocalRotation: {x: -0.05375741, y: 0.9928368, z: 0.05531773, w: 0.091242835}
  m_LocalPosition: {x: 0.0062810564, y: -0.0031750388, z: 0.011535688}
  m_LocalScale: {x: 1, y: 1.0000001, z: 1.0000001}
  m_Children:
  - {fileID: 4158699761449582}
  m_Father: {fileID: 4008520911370336}
  m_RootOrder: 0
  m_LocalEulerAnglesHint: {x: 0, y: 0, z: 0}
--- !u!4 &4563740219042952
Transform:
  m_ObjectHideFlags: 1
  m_PrefabParentObject: {fileID: 0}
  m_PrefabInternal: {fileID: 100100000}
  m_GameObject: {fileID: 1362594869989546}
  m_LocalRotation: {x: -0.04431433, y: 0.078412846, z: -0.05894033, w: 0.99419004}
  m_LocalPosition: {x: -0.009862542, y: 1.4901161e-10, z: 0.000000009536743}
  m_LocalScale: {x: 1, y: 0.99999994, z: 1.0000001}
  m_Children:
  - {fileID: 4904171233912616}
  m_Father: {fileID: 4246286418944018}
  m_RootOrder: 0
  m_LocalEulerAnglesHint: {x: 0, y: 0, z: 0}
--- !u!4 &4600800304091296
Transform:
  m_ObjectHideFlags: 1
  m_PrefabParentObject: {fileID: 0}
  m_PrefabInternal: {fileID: 100100000}
  m_GameObject: {fileID: 1320847324491148}
  m_LocalRotation: {x: -9.179102e-10, y: 1.5748874e-10, z: -0.16910225, w: 0.9855985}
  m_LocalPosition: {x: -0.0034153676, y: 0, z: 0}
  m_LocalScale: {x: 1, y: 0.99999994, z: 1}
  m_Children:
  - {fileID: 4952632190992010}
  m_Father: {fileID: 4631297895522332}
  m_RootOrder: 0
  m_LocalEulerAnglesHint: {x: 0, y: 0, z: 0}
--- !u!4 &4612010523731204
Transform:
  m_ObjectHideFlags: 1
  m_PrefabParentObject: {fileID: 0}
  m_PrefabInternal: {fileID: 100100000}
  m_GameObject: {fileID: 1304376051373066}
  m_LocalRotation: {x: -0.76642346, y: -0.035446126, z: -0.07008074, w: 0.6375166}
  m_LocalPosition: {x: -0.018464142, y: 0, z: 0}
  m_LocalScale: {x: 0.99999994, y: 1, z: 1}
  m_Children:
  - {fileID: 4978542222005000}
  - {fileID: 4876662098789386}
  m_Father: {fileID: 4153121478172500}
  m_RootOrder: 0
  m_LocalEulerAnglesHint: {x: 0, y: 0, z: 0}
--- !u!4 &4618339931133284
Transform:
  m_ObjectHideFlags: 1
  m_PrefabParentObject: {fileID: 0}
  m_PrefabInternal: {fileID: 100100000}
  m_GameObject: {fileID: 1847684350057662}
  m_LocalRotation: {x: -0.0000000012071432, y: 0.0000000073668724, z: 0.099832244,
    w: 0.9950043}
  m_LocalPosition: {x: -0.026564345, y: 5.9604643e-10, z: 0}
  m_LocalScale: {x: 0.9999999, y: 1.0000001, z: 1}
  m_Children:
  - {fileID: 4203907291700350}
  m_Father: {fileID: 4184681389119746}
  m_RootOrder: 0
  m_LocalEulerAnglesHint: {x: 0, y: 0, z: 0}
--- !u!4 &4631297895522332
Transform:
  m_ObjectHideFlags: 1
  m_PrefabParentObject: {fileID: 0}
  m_PrefabInternal: {fileID: 100100000}
  m_GameObject: {fileID: 1118158756541072}
  m_LocalRotation: {x: 0.00044427745, y: -0.04742985, z: -0.10059847, w: 0.9937959}
  m_LocalPosition: {x: -0.017707758, y: 0.000003604889, z: 0.00041458843}
  m_LocalScale: {x: 1, y: 0.99999994, z: 1}
  m_Children:
  - {fileID: 4600800304091296}
  m_Father: {fileID: 4682883878490792}
  m_RootOrder: 1
  m_LocalEulerAnglesHint: {x: 0, y: 0, z: 0}
--- !u!4 &4653678857367758
Transform:
  m_ObjectHideFlags: 1
  m_PrefabParentObject: {fileID: 0}
  m_PrefabInternal: {fileID: 100100000}
  m_GameObject: {fileID: 1460348945538184}
  m_LocalRotation: {x: -6.0261705e-14, y: 0.00000043104396, z: -0.15540953, w: 0.9878501}
  m_LocalPosition: {x: -0.02997201, y: -0.0023436039, z: 3.6574987e-10}
  m_LocalScale: {x: 1, y: 1, z: 1}
  m_Children:
  - {fileID: 4477914483670616}
  - {fileID: 4495228518009766}
  - {fileID: 4246286418944018}
  m_Father: {fileID: 4556011831495904}
  m_RootOrder: 0
  m_LocalEulerAnglesHint: {x: 0, y: 0, z: 0}
--- !u!4 &4666455176238838
Transform:
  m_ObjectHideFlags: 1
  m_PrefabParentObject: {fileID: 0}
  m_PrefabInternal: {fileID: 100100000}
  m_GameObject: {fileID: 1641430904362348}
  m_LocalRotation: {x: 0.000000015454313, y: -0.000000015454313, z: -0.7071068, w: 0.7071068}
  m_LocalPosition: {x: -0.008066027, y: 0.0132596325, z: 0}
  m_LocalScale: {x: 1.0000001, y: 1, z: 1.0000001}
  m_Children: []
  m_Father: {fileID: 4203907291700350}
  m_RootOrder: 0
  m_LocalEulerAnglesHint: {x: 0, y: 0, z: 0}
--- !u!4 &4676211829108646
Transform:
  m_ObjectHideFlags: 1
  m_PrefabParentObject: {fileID: 0}
  m_PrefabInternal: {fileID: 100100000}
  m_GameObject: {fileID: 1775049687861546}
  m_LocalRotation: {x: -0.000000015454312, y: 0.000000015454312, z: -0.7071068, w: 0.7071068}
  m_LocalPosition: {x: -0.008066026, y: 0.013259631, z: 0}
  m_LocalScale: {x: 1, y: 0.99999994, z: 1}
  m_Children: []
  m_Father: {fileID: 4735978140075696}
  m_RootOrder: 0
  m_LocalEulerAnglesHint: {x: 0, y: 0, z: 0}
--- !u!4 &4682883878490792
Transform:
  m_ObjectHideFlags: 1
  m_PrefabParentObject: {fileID: 0}
  m_PrefabInternal: {fileID: 100100000}
  m_GameObject: {fileID: 1066633711281142}
  m_LocalRotation: {x: 0.76642346, y: 0.035446126, z: -0.07008074, w: 0.6375166}
  m_LocalPosition: {x: -0.018464142, y: -5.9604643e-10, z: 0}
  m_LocalScale: {x: 0.99999994, y: 0.99999994, z: 0.99999994}
  m_Children:
  - {fileID: 4079658173755976}
  - {fileID: 4631297895522332}
  m_Father: {fileID: 4904171233912616}
  m_RootOrder: 0
  m_LocalEulerAnglesHint: {x: 0, y: 0, z: 0}
--- !u!4 &4735978140075696
Transform:
  m_ObjectHideFlags: 1
  m_PrefabParentObject: {fileID: 0}
  m_PrefabInternal: {fileID: 100100000}
  m_GameObject: {fileID: 1509304923111818}
  m_LocalRotation: {x: -0.09942482, y: 0.091676295, z: -0.031433012, w: 0.9903142}
  m_LocalPosition: {x: -0.033164166, y: 4.4703483e-10, z: 0}
  m_LocalScale: {x: 1.0000001, y: 0.99999994, z: 1.0000001}
  m_Children:
  - {fileID: 4676211829108646}
  m_Father: {fileID: 4158699761449582}
  m_RootOrder: 0
  m_LocalEulerAnglesHint: {x: 0, y: 0, z: 0}
--- !u!4 &4787456496566588
Transform:
  m_ObjectHideFlags: 1
  m_PrefabParentObject: {fileID: 0}
  m_PrefabInternal: {fileID: 100100000}
  m_GameObject: {fileID: 1285863238980120}
  m_LocalRotation: {x: -0.7071068, y: 0, z: -0, w: 0.7071068}
  m_LocalPosition: {x: 0.05929612, y: 0.07498819, z: 0.004813067}
  m_LocalScale: {x: 1, y: 1, z: 1}
  m_Children: []
  m_Father: {fileID: 4157922004131398}
  m_RootOrder: 1
  m_LocalEulerAnglesHint: {x: 0, y: 0, z: 0}
--- !u!4 &4860967752891086
Transform:
  m_ObjectHideFlags: 1
  m_PrefabParentObject: {fileID: 0}
  m_PrefabInternal: {fileID: 100100000}
  m_GameObject: {fileID: 1510686788802426}
  m_LocalRotation: {x: -0.0000001616814, y: -0.6959042, z: -0.00000020967157, w: 0.71813464}
  m_LocalPosition: {x: -0.0031326893, y: -0.059318077, z: 0.008222337}
  m_LocalScale: {x: 1.0000001, y: 1, z: 1}
  m_Children: []
  m_Father: {fileID: 4207078275748868}
  m_RootOrder: 2
  m_LocalEulerAnglesHint: {x: 0, y: 0, z: 0}
--- !u!4 &4876662098789386
Transform:
  m_ObjectHideFlags: 1
  m_PrefabParentObject: {fileID: 0}
  m_PrefabInternal: {fileID: 100100000}
  m_GameObject: {fileID: 1342287721466336}
  m_LocalRotation: {x: -0.00044428234, y: 0.047429837, z: -0.100598454, w: 0.9937959}
  m_LocalPosition: {x: -0.017707756, y: 0.000003604889, z: -0.00041458904}
  m_LocalScale: {x: 1, y: 1.0000001, z: 0.9999999}
  m_Children:
  - {fileID: 4276039389786446}
  m_Father: {fileID: 4612010523731204}
  m_RootOrder: 1
  m_LocalEulerAnglesHint: {x: 0, y: 0, z: 0}
--- !u!4 &4904171233912616
Transform:
  m_ObjectHideFlags: 1
  m_PrefabParentObject: {fileID: 0}
  m_PrefabInternal: {fileID: 100100000}
  m_GameObject: {fileID: 1845558915013096}
  m_LocalRotation: {x: -0.00000000817678, y: 0.00000004407879, z: 0.10783099, w: 0.9941693}
  m_LocalPosition: {x: -0.02375839, y: -0.0000000011920929, z: 0}
  m_LocalScale: {x: 1, y: 1, z: 1}
  m_Children:
  - {fileID: 4682883878490792}
  m_Father: {fileID: 4563740219042952}
  m_RootOrder: 0
  m_LocalEulerAnglesHint: {x: 0, y: 0, z: 0}
--- !u!4 &4952632190992010
Transform:
  m_ObjectHideFlags: 1
  m_PrefabParentObject: {fileID: 0}
  m_PrefabInternal: {fileID: 100100000}
  m_GameObject: {fileID: 1252313596090828}
  m_LocalRotation: {x: 0.000000006417129, y: -7.5208073e-10, z: -0.11640224, w: 0.99320215}
  m_LocalPosition: {x: -0.0025260304, y: 0, z: 0}
  m_LocalScale: {x: 0.99999994, y: 1, z: 1}
  m_Children: []
  m_Father: {fileID: 4600800304091296}
  m_RootOrder: 0
  m_LocalEulerAnglesHint: {x: 0, y: 0, z: 0}
--- !u!4 &4978542222005000
Transform:
  m_ObjectHideFlags: 1
  m_PrefabParentObject: {fileID: 0}
  m_PrefabInternal: {fileID: 100100000}
  m_GameObject: {fileID: 1396132339306424}
  m_LocalRotation: {x: 0.46480754, y: -0.47071037, z: 0.052488107, w: 0.74808466}
  m_LocalPosition: {x: -0.009409463, y: 0.0008181095, z: -0.0058038076}
  m_LocalScale: {x: 1, y: 1, z: 1}
  m_Children:
  - {fileID: 4076828924198868}
  m_Father: {fileID: 4612010523731204}
  m_RootOrder: 0
  m_LocalEulerAnglesHint: {x: 0, y: 0, z: 0}
--- !u!54 &54209398307367924
Rigidbody:
  m_ObjectHideFlags: 1
  m_PrefabParentObject: {fileID: 0}
  m_PrefabInternal: {fileID: 100100000}
  m_GameObject: {fileID: 1491355261269290}
  serializedVersion: 2
  m_Mass: 1
  m_Drag: Infinity
  m_AngularDrag: Infinity
  m_UseGravity: 1
  m_IsKinematic: 0
  m_Interpolate: 0
  m_Constraints: 84
  m_CollisionDetection: 0
--- !u!82 &82374694519751996
AudioSource:
  m_ObjectHideFlags: 1
  m_PrefabParentObject: {fileID: 0}
  m_PrefabInternal: {fileID: 100100000}
  m_GameObject: {fileID: 1491355261269290}
  m_Enabled: 1
  serializedVersion: 4
  OutputAudioMixerGroup: {fileID: 0}
  m_audioClip: {fileID: 8300000, guid: a6ca8b7ab03ea1344903ed55145ed90c, type: 3}
  m_PlayOnAwake: 0
  m_Volume: 0.43
  m_Pitch: 3
  Loop: 0
  Mute: 0
  Spatialize: 0
  SpatializePostEffects: 0
  Priority: 128
  DopplerLevel: 1
  MinDistance: 1
  MaxDistance: 500
  Pan2D: 0
  rolloffMode: 0
  BypassEffects: 0
  BypassListenerEffects: 0
  BypassReverbZones: 0
  rolloffCustomCurve:
    serializedVersion: 2
    m_Curve:
    - serializedVersion: 2
      time: 0
      value: 1
      inSlope: 0
      outSlope: 0
      tangentMode: 0
    - serializedVersion: 2
      time: 1
      value: 0
      inSlope: 0
      outSlope: 0
      tangentMode: 0
    m_PreInfinity: 2
    m_PostInfinity: 2
    m_RotationOrder: 4
  panLevelCustomCurve:
    serializedVersion: 2
    m_Curve:
    - serializedVersion: 2
      time: 0
      value: 1
      inSlope: 0
      outSlope: 0
      tangentMode: 0
    m_PreInfinity: 2
    m_PostInfinity: 2
    m_RotationOrder: 0
  spreadCustomCurve:
    serializedVersion: 2
    m_Curve:
    - serializedVersion: 2
      time: 0
      value: 0
      inSlope: 0
      outSlope: 0
      tangentMode: 0
    m_PreInfinity: 2
    m_PostInfinity: 2
    m_RotationOrder: 0
  reverbZoneMixCustomCurve:
    serializedVersion: 2
    m_Curve:
    - serializedVersion: 2
      time: 0
      value: 1
      inSlope: 0
      outSlope: 0
      tangentMode: 0
    m_PreInfinity: 2
    m_PostInfinity: 2
    m_RotationOrder: 0
--- !u!95 &95673187362973666
Animator:
  serializedVersion: 3
  m_ObjectHideFlags: 1
  m_PrefabParentObject: {fileID: 0}
  m_PrefabInternal: {fileID: 100100000}
  m_GameObject: {fileID: 1491355261269290}
  m_Enabled: 1
  m_Avatar: {fileID: 9000000, guid: 5a35c5f0a89b9654d897ccd7c8f81bd0, type: 3}
  m_Controller: {fileID: 22100000, guid: d084a567dde2155469ca6315211291bc, type: 2}
  m_CullingMode: 1
  m_UpdateMode: 0
  m_ApplyRootMotion: 0
  m_LinearVelocityBlending: 0
  m_WarningMessage: 
  m_HasTransformHierarchy: 1
  m_AllowConstantClipSamplingOptimization: 1
--- !u!114 &114088321661213542
MonoBehaviour:
  m_ObjectHideFlags: 1
  m_PrefabParentObject: {fileID: 0}
  m_PrefabInternal: {fileID: 100100000}
  m_GameObject: {fileID: 1491355261269290}
  m_Enabled: 1
  m_EditorHideFlags: 0
  m_Script: {fileID: 11500000, guid: 7b9d8f15f14d56148b99dca9d9b4d4e4, type: 3}
  m_Name: 
  m_EditorClassIdentifier: 
  healthPoints: 2
  scorePoints: 0
  isDead: 0
--- !u!114 &114248701765662240
MonoBehaviour:
  m_ObjectHideFlags: 1
  m_PrefabParentObject: {fileID: 0}
  m_PrefabInternal: {fileID: 100100000}
  m_GameObject: {fileID: 1491355261269290}
  m_Enabled: 1
  m_EditorHideFlags: 0
  m_Script: {fileID: 11500000, guid: d624d2822dcfa064f8da7271b28d1c61, type: 3}
  m_Name: 
  m_EditorClassIdentifier: 
  cryDelay: 5
--- !u!114 &114652389711434058
MonoBehaviour:
  m_ObjectHideFlags: 1
  m_PrefabParentObject: {fileID: 0}
  m_PrefabInternal: {fileID: 100100000}
  m_GameObject: {fileID: 1491355261269290}
  m_Enabled: 0
  m_EditorHideFlags: 0
  m_Script: {fileID: 11500000, guid: 6dbca64e524ea44f9b26142ec59aca8a, type: 3}
  m_Name: 
  m_EditorClassIdentifier: 
  bypassRoomEffects: 0
  directivityAlpha: 0
  directivitySharpness: 1
  gainDb: 0
  occlusionEnabled: 0
  playOnAwake: 1
  rolloffMode: 0
  spread: 0
  sourceClip: {fileID: 8300000, guid: a6ca8b7ab03ea1344903ed55145ed90c, type: 3}
  sourceLoop: 0
  sourceMute: 0
  sourcePitch: 3
  sourceVolume: 0.4
  sourceMaxDistance: 500
  sourceMinDistance: 0
  hrtfEnabled: 1
--- !u!114 &114673655312589942
MonoBehaviour:
  m_ObjectHideFlags: 1
  m_PrefabParentObject: {fileID: 0}
  m_PrefabInternal: {fileID: 100100000}
  m_GameObject: {fileID: 1491355261269290}
  m_Enabled: 1
  m_EditorHideFlags: 0
  m_Script: {fileID: 11500000, guid: 27fed7eee0c54b0408877293f58a227d, type: 3}
  m_Name: 
  m_EditorClassIdentifier: 
  timeBetweenAttacks: 2
  attackDamage: 10
  playerInRange: 0
--- !u!135 &135972364854132376
SphereCollider:
  m_ObjectHideFlags: 1
  m_PrefabParentObject: {fileID: 0}
  m_PrefabInternal: {fileID: 100100000}
  m_GameObject: {fileID: 1491355261269290}
  m_Material: {fileID: 0}
  m_IsTrigger: 1
  m_Enabled: 1
  serializedVersion: 2
  m_Radius: 0.1
  m_Center: {x: 0, y: 0.07, z: 0}
--- !u!136 &136200717823025498
CapsuleCollider:
  m_ObjectHideFlags: 1
  m_PrefabParentObject: {fileID: 0}
  m_PrefabInternal: {fileID: 100100000}
  m_GameObject: {fileID: 1491355261269290}
  m_Material: {fileID: 0}
  m_IsTrigger: 0
  m_Enabled: 1
  m_Radius: 0.03
  m_Height: 0.2
  m_Direction: 1
  m_Center: {x: 0, y: 0.07, z: 0}
--- !u!137 &137257805218561182
SkinnedMeshRenderer:
  m_ObjectHideFlags: 1
  m_PrefabParentObject: {fileID: 0}
  m_PrefabInternal: {fileID: 100100000}
  m_GameObject: {fileID: 1285863238980120}
  m_Enabled: 1
  m_CastShadows: 1
  m_ReceiveShadows: 1
  m_MotionVectors: 1
  m_LightProbeUsage: 1
  m_ReflectionProbeUsage: 1
  m_Materials:
  - {fileID: 2100000, guid: ed14df0368fe53543907335c0e3902c6, type: 2}
  m_StaticBatchInfo:
    firstSubMesh: 0
    subMeshCount: 0
  m_StaticBatchRoot: {fileID: 0}
  m_ProbeAnchor: {fileID: 0}
  m_LightProbeVolumeOverride: {fileID: 0}
  m_ScaleInLightmap: 1
  m_PreserveUVs: 0
  m_IgnoreNormalsForChartDetection: 0
  m_ImportantGI: 0
  m_SelectedEditorRenderState: 3
  m_MinimumChartSize: 4
  m_AutoUVMaxDistance: 0.5
  m_AutoUVMaxAngle: 89
  m_LightmapParameters: {fileID: 0}
  m_SortingLayerID: 0
  m_SortingOrder: 0
  serializedVersion: 2
  m_Quality: 0
  m_UpdateWhenOffscreen: 0
  m_SkinnedMotionVectors: 1
  m_Mesh: {fileID: 4300002, guid: 5a35c5f0a89b9654d897ccd7c8f81bd0, type: 3}
  m_Bones:
  - {fileID: 4860967752891086}
  m_BlendShapeWeights: []
  m_RootBone: {fileID: 4860967752891086}
  m_AABB:
    m_Center: {x: 0.0014118608, y: 0.00002192147, z: 0.040557608}
    m_Extent: {x: 0.012434602, y: 0.006705285, z: 0.05640191}
  m_DirtyAABB: 0
--- !u!137 &137421488768490816
SkinnedMeshRenderer:
  m_ObjectHideFlags: 1
  m_PrefabParentObject: {fileID: 0}
  m_PrefabInternal: {fileID: 100100000}
  m_GameObject: {fileID: 1352748197552204}
  m_Enabled: 1
  m_CastShadows: 1
  m_ReceiveShadows: 1
  m_MotionVectors: 1
  m_LightProbeUsage: 1
  m_ReflectionProbeUsage: 1
  m_Materials:
  - {fileID: 2100000, guid: ed14df0368fe53543907335c0e3902c6, type: 2}
  m_StaticBatchInfo:
    firstSubMesh: 0
    subMeshCount: 0
  m_StaticBatchRoot: {fileID: 0}
  m_ProbeAnchor: {fileID: 0}
  m_LightProbeVolumeOverride: {fileID: 0}
  m_ScaleInLightmap: 1
  m_PreserveUVs: 0
  m_IgnoreNormalsForChartDetection: 0
  m_ImportantGI: 0
  m_SelectedEditorRenderState: 3
  m_MinimumChartSize: 4
  m_AutoUVMaxDistance: 0.5
  m_AutoUVMaxAngle: 89
  m_LightmapParameters: {fileID: 0}
  m_SortingLayerID: 0
  m_SortingOrder: 0
  serializedVersion: 2
  m_Quality: 0
  m_UpdateWhenOffscreen: 0
  m_SkinnedMotionVectors: 1
  m_Mesh: {fileID: 4300000, guid: 5a35c5f0a89b9654d897ccd7c8f81bd0, type: 3}
  m_Bones:
  - {fileID: 4170828790368690}
  - {fileID: 4495228518009766}
  - {fileID: 4153121478172500}
  - {fileID: 4612010523731204}
  - {fileID: 4876662098789386}
  - {fileID: 4276039389786446}
  - {fileID: 4422924110730896}
  - {fileID: 4978542222005000}
  - {fileID: 4076828924198868}
  - {fileID: 4156598248705344}
  - {fileID: 4142039868053102}
  - {fileID: 4008520911370336}
  - {fileID: 4556011831495904}
  - {fileID: 4559267370411614}
  - {fileID: 4158699761449582}
  - {fileID: 4735978140075696}
  - {fileID: 4676211829108646}
  - {fileID: 4246286418944018}
  - {fileID: 4563740219042952}
  - {fileID: 4184681389119746}
  - {fileID: 4618339931133284}
  - {fileID: 4203907291700350}
  - {fileID: 4666455176238838}
  - {fileID: 4904171233912616}
  - {fileID: 4682883878490792}
  - {fileID: 4079658173755976}
  - {fileID: 4952632190992010}
  - {fileID: 4086406751537482}
  - {fileID: 4631297895522332}
  - {fileID: 4600800304091296}
  - {fileID: 4037897440827542}
  - {fileID: 4477914483670616}
  - {fileID: 4389910959645662}
  - {fileID: 4653678857367758}
  m_BlendShapeWeights: []
  m_RootBone: {fileID: 4142039868053102}
  m_AABB:
    m_Center: {x: -0.011821274, y: 0.005415788, z: -0.000000014901161}
    m_Extent: {x: 0.07841134, y: 0.01940385, z: 0.06694175}
  m_DirtyAABB: 0
--- !u!195 &195601560208196350
NavMeshAgent:
  m_ObjectHideFlags: 1
  m_PrefabParentObject: {fileID: 0}
  m_PrefabInternal: {fileID: 100100000}
  m_GameObject: {fileID: 1491355261269290}
  m_Enabled: 1
  m_Radius: 0.03
  m_Speed: 3.5
  m_Acceleration: 8
  avoidancePriority: 50
  m_AngularSpeed: 120
  m_StoppingDistance: 1.3
  m_AutoTraverseOffMeshLink: 1
  m_AutoBraking: 1
  m_AutoRepath: 1
  m_Height: 0.15
  m_BaseOffset: 0
  m_WalkableMask: 4294967295
  m_ObstacleAvoidanceType: 4
